<?xml version="1.0" encoding="UTF-8"?>
<OAI-PMH xmlns="http://www.openarchives.org/OAI/2.0/" xmlns:xsi="http://www.w3.org/2001/XMLSchema-instance" xsi:schemaLocation="http://www.openarchives.org/OAI/2.0/ http://www.openarchives.org/OAI/2.0/OAI-PMH.xsd">
  <ListRecords>
    <record>
      <header>
        <identifier>aleph-publish:000264257</identifier>
      </header>
      <metadata>
        <record xmlns="http://www.ddb.de/professionell/mabxml/mabxml-1.xsd">
          <leader>00000nM2.01200024------h</leader>
          <controlfield tag="LDR">00000nM2.01200024------h</controlfield>
          <controlfield tag="FMT">MH</controlfield>
          <datafield tag="001" ind1="-" ind2="1">
            <subfield code="a">HT001374113</subfield>
          </datafield>
          <datafield tag="002" ind1="a" ind2="1">
            <subfield code="a">19991119</subfield>
          </datafield>
          <datafield tag="003" ind1="-" ind2="1">
            <subfield code="a">20130405114641</subfield>
          </datafield>
          <datafield tag="016" ind1="-" ind2="1">
            <subfield code="a">946046344</subfield>
            <subfield code="b">DNB</subfield>
          </datafield>
          <datafield tag="020" ind1="a" ind2="1">
            <subfield code="a">204560-6</subfield>
            <subfield code="b">DNB</subfield>
          </datafield>
          <datafield tag="025" ind1="a" ind2="1">
            <subfield code="a">011171294</subfield>
          </datafield>
          <datafield tag="025" ind1="z" ind2="1">
            <subfield code="a">204560-6</subfield>
          </datafield>
          <datafield tag="025" ind1="o" ind2="1">
            <subfield code="a">643521382</subfield>
          </datafield>
          <datafield tag="026" ind1="-" ind2="1">
            <subfield code="a">ZDB204560-6</subfield>
          </datafield>
          <controlfield tag="030">b|zucz|z|||37</controlfield>
          <datafield tag="036" ind1="a" ind2="1">
            <subfield code="a">XA-DE</subfield>
          </datafield>
          <controlfield tag="050">a|a|||||||||||</controlfield>
          <controlfield tag="052">p||||||z|||||||</controlfield>
          <datafield tag="070" ind1="-" ind2="1">
            <subfield code="a">9001</subfield>
          </datafield>
          <datafield tag="070" ind1="a" ind2="1">
            <subfield code="a">DNB</subfield>
          </datafield>
          <datafield tag="070" ind1="b" ind2="1">
            <subfield code="a">9001</subfield>
          </datafield>
          <datafield tag="073" ind1="-" ind2="1">
            <subfield code="a">3,4</subfield>
          </datafield>
          <datafield tag="331" ind1="-" ind2="1">
            <subfield code="a">Sociologia internationalis</subfield>
          </datafield>
          <datafield tag="335" ind1="-" ind2="1">
            <subfield code="a">europäische Zeitschrift für Kulturforschung</subfield>
          </datafield>
          <datafield tag="370" ind1="a" ind2="1">
            <subfield code="a">Internationale Zeitschrift für Soziologie und Sozialpsychologie</subfield>
          </datafield>
          <datafield tag="370" ind1="a" ind2="1">
            <subfield code="a">International journal for sociology and social psychology</subfield>
          </datafield>
          <datafield tag="370" ind1="a" ind2="1">
            <subfield code="a">Revue internationale de sociologie et psychologie sociale</subfield>
          </datafield>
          <datafield tag="370" ind1="a" ind2="1">
            <subfield code="a">Revista international de sociologia y psicologia social</subfield>
          </datafield>
          <datafield tag="370" ind1="a" ind2="1">
            <subfield code="a">International journal of sociology, communication studies and cultural research</subfield>
          </datafield>
          <datafield tag="370" ind1="a" ind2="1">
            <subfield code="a">Revue internationale de sociologie et recherches sur la communication et la civilisation</subfield>
          </datafield>
          <datafield tag="370" ind1="a" ind2="1">
            <subfield code="a">Revista international para sociologia, investigatión de communication y de cultura</subfield>
          </datafield>
          <datafield tag="370" ind1="a" ind2="1">
            <subfield code="a">internationale Zeitschrift für Soziologie, Kommunikations- und Kulturforschung</subfield>
          </datafield>
          <datafield tag="405" ind1="-" ind2="1">
            <subfield code="a">1.1963 -</subfield>
          </datafield>
          <datafield tag="410" ind1="-" ind2="1">
            <subfield code="a">Berlin</subfield>
          </datafield>
          <datafield tag="412" ind1="-" ind2="1">
            <subfield code="a">Duncker &amp; Humblot</subfield>
          </datafield>
          <datafield tag="425" ind1="b" ind2="1">
            <subfield code="a">1963</subfield>
          </datafield>
          <datafield tag="507" ind1="-" ind2="1">
            <subfield code="p">Nebent. bis 28.1990</subfield>
            <subfield code="a"> Internationale Zeitschrift für Soziologie und Sozialpsychologie. - Nebent. bis 28.1990: International journal for sociology and social psychology. - Nebent. bis 28.1990: Revue internationale de sociologie et psychologie sociale. - Nebent. bis 28.1990: Revista international de sociologia y psicologia social. - Nebent. ab 29.1991: International journal of sociology, communication studies and cultural research. - Nebent. ab 29.1991: Revue internationale de sociologie et recherches sur la communication et la civilisation. - Nebent. ab 29.1991: Revista international para sociologia, investigatión de communication y de cultura. - Zusatz anfangs: internationale Zeitschrift für Soziologie, Kommunikations- und Kulturforschung</subfield>
          </datafield>
          <datafield tag="527" ind1="z" ind2="1">
            <subfield code="p">Online-Ausg. ---&gt;</subfield>
            <subfield code="a">Sociologia internationalis</subfield>
            <subfield code="9">HT015792255</subfield>
          </datafield>
          <datafield tag="537" ind1="-" ind2="1">
            <subfield code="a">(Zusatz ab 29.1991 auf HTS)</subfield>
          </datafield>
          <datafield tag="542" ind1="a" ind2="1">
            <subfield code="a">0038-0164</subfield>
          </datafield>
          <datafield tag="545" ind1="a" ind2="1">
            <subfield code="a">ISSN 0038-0164 = Sociologia internationalis</subfield>
          </datafield>
          <datafield tag="700" ind1="-" ind2="1">
            <subfield code="a">14</subfield>
            <subfield code="a">DNB</subfield>
          </datafield>
          <datafield tag="700" ind1="-" ind2="1">
            <subfield code="a">01</subfield>
            <subfield code="a">DNB</subfield>
          </datafield>
          <datafield tag="700" ind1="-" ind2="1">
            <subfield code="a">300</subfield>
            <subfield code="a">DNB</subfield>
          </datafield>
          <datafield tag="700" ind1="-" ind2="1">
            <subfield code="a">360</subfield>
            <subfield code="a">DNB</subfield>
          </datafield>
          <datafield tag="700" ind1="-" ind2="1">
            <subfield code="a">300</subfield>
            <subfield code="a">ZDB</subfield>
          </datafield>
          <datafield tag="700" ind1="t" ind2="1">
            <subfield code="a">PSY 400z ; SOZ 001z</subfield>
          </datafield>
          <datafield tag="700" ind1="z" ind2="1">
            <subfield code="a">620</subfield>
          </datafield>
          <datafield tag="902" ind1="-" ind2="1">
            <subfield code="s">Kommunikation</subfield>
            <subfield code="9">(DE-588)4031883-7</subfield>
          </datafield>
          <datafield tag="902" ind1="-" ind2="1">
            <subfield code="s">Zeitschrift</subfield>
            <subfield code="9">(DE-588)4067488-5</subfield>
          </datafield>
          <datafield tag="904" ind1="a" ind2="1">
            <subfield code="a">DE-600DE-600</subfield>
          </datafield>
          <datafield tag="907" ind1="-" ind2="1">
            <subfield code="s">Soziologie</subfield>
            <subfield code="9">(DE-588)4077624-4</subfield>
          </datafield>
          <datafield tag="907" ind1="-" ind2="1">
            <subfield code="s">Zeitschrift</subfield>
            <subfield code="9">(DE-588)4067488-5</subfield>
          </datafield>
          <datafield tag="909" ind1="a" ind2="1">
            <subfield code="a">DE-600DE-600</subfield>
          </datafield>
          <datafield tag="912" ind1="-" ind2="1">
            <subfield code="s">Sozialpsychologie</subfield>
            <subfield code="9">(DE-588)4055891-5</subfield>
          </datafield>
          <datafield tag="912" ind1="-" ind2="1">
            <subfield code="s">Zeitschrift</subfield>
            <subfield code="9">(DE-588)4067488-5</subfield>
          </datafield>
          <datafield tag="914" ind1="a" ind2="1">
            <subfield code="a">DE-600DE-600</subfield>
          </datafield>
          <controlfield tag="SYS">000264257</controlfield>
          <datafield tag="PSW" ind1="-" ind2="1">
            <subfield code="s">Allgemeine Soziologie</subfield>
            <subfield code="9">(DE-588)4077624-4</subfield>
          </datafield>
          <datafield tag="PSW" ind1="-" ind2="1">
            <subfield code="s">Gesellschaftslehre</subfield>
            <subfield code="h">Soziologie</subfield>
            <subfield code="9">(DE-588)4077624-4</subfield>
          </datafield>
          <datafield tag="PSW" ind1="-" ind2="1">
            <subfield code="s">Gesellschaft</subfield>
            <subfield code="x">Theorie</subfield>
            <subfield code="9">(DE-588)4077624-4</subfield>
          </datafield>
          <datafield tag="PSW" ind1="-" ind2="1">
            <subfield code="s">Gesellschaftstheorie</subfield>
            <subfield code="9">(DE-588)4077624-4</subfield>
          </datafield>
          <datafield tag="PSW" ind1="-" ind2="1">
            <subfield code="s">Sozialtheorie</subfield>
            <subfield code="9">(DE-588)4077624-4</subfield>
          </datafield>
          <datafield tag="PSW" ind1="-" ind2="1">
            <subfield code="s">Soziallehre</subfield>
            <subfield code="h">Soziologie</subfield>
            <subfield code="9">(DE-588)4077624-4</subfield>
          </datafield>
          <datafield tag="PSW" ind1="-" ind2="1">
            <subfield code="s">Kommunikationsprozess</subfield>
            <subfield code="9">(DE-588)4031883-7</subfield>
          </datafield>
          <datafield tag="PSW" ind1="-" ind2="1">
            <subfield code="s">Informationsprozess</subfield>
            <subfield code="9">(DE-588)4031883-7</subfield>
          </datafield>
          <datafield tag="PSW" ind1="-" ind2="1">
            <subfield code="s">Allgemeine Soziologie</subfield>
            <subfield code="9">(DE-588)4077624-4</subfield>
          </datafield>
          <datafield tag="PSW" ind1="-" ind2="1">
            <subfield code="s">Gesellschaftslehre</subfield>
            <subfield code="h">Soziologie</subfield>
            <subfield code="9">(DE-588)4077624-4</subfield>
          </datafield>
          <datafield tag="PSW" ind1="-" ind2="1">
            <subfield code="s">Gesellschaft</subfield>
            <subfield code="x">Theorie</subfield>
            <subfield code="9">(DE-588)4077624-4</subfield>
          </datafield>
          <datafield tag="PSW" ind1="-" ind2="1">
            <subfield code="s">Gesellschaftstheorie</subfield>
            <subfield code="9">(DE-588)4077624-4</subfield>
          </datafield>
          <datafield tag="PSW" ind1="-" ind2="1">
            <subfield code="s">Sozialtheorie</subfield>
            <subfield code="9">(DE-588)4077624-4</subfield>
          </datafield>
          <datafield tag="PSW" ind1="-" ind2="1">
            <subfield code="s">Soziallehre</subfield>
            <subfield code="h">Soziologie</subfield>
            <subfield code="9">(DE-588)4077624-4</subfield>
          </datafield>
          <datafield tag="PSW" ind1="-" ind2="1">
            <subfield code="s">Periodikum</subfield>
            <subfield code="9">(DE-588)4067488-5</subfield>
          </datafield>
          <datafield tag="PSW" ind1="-" ind2="1">
            <subfield code="s">Zeitschriften</subfield>
            <subfield code="9">(DE-588)4067488-5</subfield>
          </datafield>
          <datafield tag="PSW" ind1="-" ind2="1">
            <subfield code="s">Kommunikationsprozess</subfield>
            <subfield code="9">(DE-588)4031883-7</subfield>
          </datafield>
          <datafield tag="PSW" ind1="-" ind2="1">
            <subfield code="s">Informationsprozess</subfield>
            <subfield code="9">(DE-588)4031883-7</subfield>
          </datafield>
          <datafield tag="PSW" ind1="-" ind2="1">
            <subfield code="s">Periodikum</subfield>
            <subfield code="9">(DE-588)4067488-5</subfield>
          </datafield>
          <datafield tag="PSW" ind1="-" ind2="1">
            <subfield code="s">Zeitschriften</subfield>
            <subfield code="9">(DE-588)4067488-5</subfield>
          </datafield>
          <datafield tag="PSW" ind1="-" ind2="1">
            <subfield code="s">Kommunikationsprozess</subfield>
            <subfield code="9">(DE-588)4031883-7</subfield>
          </datafield>
          <datafield tag="PSW" ind1="-" ind2="1">
            <subfield code="s">Informationsprozess</subfield>
            <subfield code="9">(DE-588)4031883-7</subfield>
          </datafield>
          <datafield tag="PSW" ind1="-" ind2="1">
            <subfield code="s">Periodikum</subfield>
            <subfield code="9">(DE-588)4067488-5</subfield>
          </datafield>
          <datafield tag="PSW" ind1="-" ind2="1">
            <subfield code="s">Zeitschriften</subfield>
            <subfield code="9">(DE-588)4067488-5</subfield>
          </datafield>
          <datafield tag="PSW" ind1="-" ind2="1">
            <subfield code="s">Periodikum</subfield>
            <subfield code="9">(DE-588)4067488-5</subfield>
          </datafield>
          <datafield tag="PSW" ind1="-" ind2="1">
            <subfield code="s">Zeitschriften</subfield>
            <subfield code="9">(DE-588)4067488-5</subfield>
          </datafield>
          <datafield tag="PSW" ind1="-" ind2="1">
            <subfield code="s">Allgemeine Soziologie</subfield>
            <subfield code="9">(DE-588)4077624-4</subfield>
          </datafield>
          <datafield tag="PSW" ind1="-" ind2="1">
            <subfield code="s">Gesellschaftslehre</subfield>
            <subfield code="h">Soziologie</subfield>
            <subfield code="9">(DE-588)4077624-4</subfield>
          </datafield>
          <datafield tag="PSW" ind1="-" ind2="1">
            <subfield code="s">Gesellschaft</subfield>
            <subfield code="x">Theorie</subfield>
            <subfield code="9">(DE-588)4077624-4</subfield>
          </datafield>
          <datafield tag="PSW" ind1="-" ind2="1">
            <subfield code="s">Gesellschaftstheorie</subfield>
            <subfield code="9">(DE-588)4077624-4</subfield>
          </datafield>
          <datafield tag="PSW" ind1="-" ind2="1">
            <subfield code="s">Sozialtheorie</subfield>
            <subfield code="9">(DE-588)4077624-4</subfield>
          </datafield>
          <datafield tag="PSW" ind1="-" ind2="1">
            <subfield code="s">Soziallehre</subfield>
            <subfield code="h">Soziologie</subfield>
            <subfield code="9">(DE-588)4077624-4</subfield>
          </datafield>
          <datafield tag="200" ind1=" " ind2=" ">
            <subfield code="e">Nur lfd. u. vorheriger Jahrg. vorh.</subfield>
            <subfield code="f">P 30/46 s 24</subfield>
          </datafield>
          <datafield tag="700" ind1=" " ind2=" ">
            <subfield code="9">46</subfield>
          </datafield>
          <datafield tag="OWN" ind1=" " ind2=" ">
            <subfield code="a">P0001</subfield>
          </datafield>
          <datafield tag="200" ind1=" " ind2=" ">
            <subfield code="0">1</subfield>
            <subfield code="b">11.1973 - 18.1980; 33.1995 - 45.2007</subfield>
            <subfield code="f">P 30/46 s 24</subfield>
          </datafield>
          <datafield tag="OWN" ind1=" " ind2=" ">
            <subfield code="a">P0001</subfield>
          </datafield>
          <datafield tag="PLK" ind1=" " ind2=" ">
            <subfield code="a">PAR</subfield>
            <subfield code="l">PAD01</subfield>
            <subfield code="b">001208590</subfield>
            <subfield code="m">Auch unter dem Titel:^Sociologia internationalis.^1963</subfield>
            <subfield code="n">Auch unter dem Titel:^Sociologia internationalis.^2008</subfield>
          </datafield>
          <datafield tag="LOC" ind1=" " ind2=" ">
            <subfield code="m">ISSBD</subfield>
            <subfield code="a">P0001</subfield>
            <subfield code="b">30</subfield>
            <subfield code="d">46s24</subfield>
            <subfield code="g">41.2003</subfield>
            <subfield code="i">03:1327</subfield>
            <subfield code="n">36</subfield>
            <subfield code="k">20040421</subfield>
            <subfield code="5">879295-40</subfield>
          </datafield>
          <datafield tag="LOC" ind1=" " ind2=" ">
            <subfield code="m">ISSBD</subfield>
            <subfield code="a">P0001</subfield>
            <subfield code="b">30</subfield>
            <subfield code="d">46s24</subfield>
            <subfield code="g">42.2004</subfield>
            <subfield code="i">05:36</subfield>
            <subfield code="n">36</subfield>
            <subfield code="k">20050118</subfield>
            <subfield code="5">879295-70</subfield>
          </datafield>
          <datafield tag="LOC" ind1=" " ind2=" ">
            <subfield code="m">ISSBD</subfield>
            <subfield code="a">P0001</subfield>
            <subfield code="b">30</subfield>
            <subfield code="d">46s24</subfield>
            <subfield code="g">44.2006</subfield>
            <subfield code="i">07:8</subfield>
            <subfield code="n">36</subfield>
            <subfield code="k">20071025</subfield>
            <subfield code="5">879295-130</subfield>
          </datafield>
          <datafield tag="LOC" ind1=" " ind2=" ">
            <subfield code="m">ISSBD</subfield>
            <subfield code="a">P0001</subfield>
            <subfield code="b">30</subfield>
            <subfield code="d">46s24</subfield>
            <subfield code="g">45.2007</subfield>
            <subfield code="i">08:889</subfield>
            <subfield code="n">36</subfield>
            <subfield code="k">20080724</subfield>
            <subfield code="5">879295-160</subfield>
          </datafield>
          <datafield tag="LOC" ind1=" " ind2=" ">
            <subfield code="m">ISSBD</subfield>
            <subfield code="a">P0001</subfield>
            <subfield code="b">30</subfield>
            <subfield code="d">46s24</subfield>
            <subfield code="g">46.2008</subfield>
            <subfield code="i">08:1543</subfield>
            <subfield code="n">36</subfield>
            <subfield code="k">20120510</subfield>
            <subfield code="5">879295-250</subfield>
          </datafield>
          <datafield tag="LOC" ind1=" " ind2=" ">
            <subfield code="m">ISSBD</subfield>
            <subfield code="a">P0001</subfield>
            <subfield code="b">30</subfield>
            <subfield code="d">46s24</subfield>
            <subfield code="g">47.2009</subfield>
            <subfield code="i">09:841</subfield>
            <subfield code="n">36</subfield>
            <subfield code="k">20120510</subfield>
            <subfield code="5">879295-260</subfield>
          </datafield>
          <datafield tag="LOC" ind1=" " ind2=" ">
            <subfield code="m">ISSBD</subfield>
            <subfield code="a">P0001</subfield>
            <subfield code="b">30</subfield>
            <subfield code="d">46s24</subfield>
            <subfield code="g">48.2010</subfield>
            <subfield code="i">11:898</subfield>
            <subfield code="n">36</subfield>
            <subfield code="k">20120510</subfield>
            <subfield code="5">879295-270</subfield>
          </datafield>
          <datafield tag="LOC" ind1=" " ind2=" ">
            <subfield code="m">ISSBD</subfield>
            <subfield code="a">P0001</subfield>
            <subfield code="b">30</subfield>
            <subfield code="d">46s24</subfield>
            <subfield code="g">49.2011</subfield>
            <subfield code="n">36</subfield>
            <subfield code="k">20130104</subfield>
            <subfield code="5">879295-300</subfield>
          </datafield>
          <datafield tag="LOC" ind1=" " ind2=" ">
            <subfield code="m">ISSUE</subfield>
            <subfield code="a">P0001</subfield>
            <subfield code="b">30</subfield>
            <subfield code="d">46s24</subfield>
            <subfield code="g">43.2005</subfield>
            <subfield code="i">06:978</subfield>
            <subfield code="n">36</subfield>
            <subfield code="k">20060726</subfield>
            <subfield code="5">879295-60</subfield>
          </datafield>
          <datafield tag="LOC" ind1=" " ind2=" ">
            <subfield code="m">ISSUE</subfield>
            <subfield code="a">P0001</subfield>
            <subfield code="b">30</subfield>
            <subfield code="d">46s24</subfield>
            <subfield code="g">52.2014,1</subfield>
            <subfield code="n">32</subfield>
            <subfield code="k">00000000</subfield>
            <subfield code="5">879295-330</subfield>
          </datafield>
          <datafield tag="LOC" ind1=" " ind2=" ">
            <subfield code="m">ISSUE</subfield>
            <subfield code="a">P0001</subfield>
            <subfield code="b">30</subfield>
            <subfield code="d">46s24</subfield>
            <subfield code="g">52.2014,2</subfield>
            <subfield code="n">32</subfield>
            <subfield code="k">00000000</subfield>
            <subfield code="5">879295-340</subfield>
          </datafield>
          <datafield tag="LOC" ind1=" " ind2=" ">
            <subfield code="m">ISSUE</subfield>
            <subfield code="a">P0001</subfield>
            <subfield code="b">30</subfield>
            <subfield code="d">46s24</subfield>
            <subfield code="g">53.2015,1</subfield>
            <subfield code="n">32</subfield>
            <subfield code="k">00000000</subfield>
            <subfield code="5">879295-370</subfield>
          </datafield>
          <datafield tag="LOC" ind1=" " ind2=" ">
            <subfield code="m">ISSUE</subfield>
            <subfield code="a">P0001</subfield>
            <subfield code="b">30</subfield>
            <subfield code="d">46s24</subfield>
            <subfield code="g">53.2015,2</subfield>
            <subfield code="n">32</subfield>
            <subfield code="k">00000000</subfield>
            <subfield code="5">879295-380</subfield>
          </datafield>
        </record>
      </metadata>
    </record>
  </ListRecords>
</OAI-PMH>
